2025-01-01 * "Tenant" "Memo: Pet Rent" #beangulp #imported
  additional_url: "No additional url"
  comments: "No comments"
  paperless_bill_invoice_receipt_url: "No doc"
  property_manager_bill_url: "No bill"
  work_order_url: "Not a work order"
  Assets:Property-Management:SheerValue-PM    50.00 USD
  Income:Pet-Rent:Properties                 -50.00 USD

2025-02-01 * "Tenant" "Memo: Pet Rent" #beangulp #imported
  additional_url: "No additional url"
  comments: "No comments"
  paperless_bill_invoice_receipt_url: "No doc"
  property_manager_bill_url: "No bill"
  work_order_url: "Not a work order"
  Assets:Property-Management:SheerValue-PM    50.00 USD
  Income:Pet-Rent:Properties                 -50.00 USD

2025-03-01 * "Tenant" "Memo: Pet Rent" #beangulp #imported
  additional_url: "No additional url"
  comments: "No comments"
  paperless_bill_invoice_receipt_url: "No doc"
  property_manager_bill_url: "No bill"
  work_order_url: "Not a work order"
  Assets:Property-Management:SheerValue-PM    50.00 USD
  Income:Pet-Rent:Properties                 -50.00 USD

2025-04-01 * "Tenant" "Memo: Pet Rent" #beangulp #imported
  additional_url: "No additional url"
  comments: "No comments"
  paperless_bill_invoice_receipt_url: "No doc"
  property_manager_bill_url: "No bill"
  work_order_url: "Not a work order"
  Assets:Property-Management:SheerValue-PM    50.00 USD
  Income:Pet-Rent:Properties                 -50.00 USD

2025-04-04 * "2943 Butterfly Palm           1      Late Fee      Unit 1 - Layla Noble-Davis by Layla Noble-Davis" #beangulp #imported
  additional_url: "No additional url"
  comments: "No comments"
  paperless_bill_invoice_receipt_url: "No doc"
  property_manager_bill_url: "No bill"
  work_order_url: "Not a work order"
  Assets:Property-Management:SheerValue-PM    50.00 USD
  Expenses:Other                             -50.00 USD

2025-04-09 * "206 Hoover Avenue             1      Late Fee      Unit 1 - George Mahara    by George Mahara" "Memo: by George Mahara" #beangulp #imported
  additional_url: "No additional url"
  comments: "No comments"
  paperless_bill_invoice_receipt_url: "No doc"
  property_manager_bill_url: "No bill"
  work_order_url: "Not a work order"
  Assets:Property-Management:SheerValue-PM   138.00 USD
  Expenses:Other                            -138.00 USD

2025-05-01 * "Tenant" "Memo: Pet Rent" #beangulp #imported
  additional_url: "No additional url"
  comments: "No comments"
  paperless_bill_invoice_receipt_url: "No doc"
  property_manager_bill_url: "No bill"
  work_order_url: "Not a work order"
  Assets:Property-Management:SheerValue-PM    50.00 USD
  Income:Pet-Rent:Properties                 -50.00 USD

2025-05-17 * "Tenant" "Memo: Rent Income" #beangulp #imported
  additional_url: "No additional url"
  comments: "No comments"
  paperless_bill_invoice_receipt_url: "No doc"
  property_manager_bill_url: "No bill"
  work_order_url: "Not a work order"
  Assets:Property-Management:SheerValue-PM   400.00 USD
  Income:Rent:Properties                    -400.00 USD

2025-06-01 * "Tenant" "Memo: Pet Rent" #beangulp #imported
  additional_url: "No additional url"
  comments: "No comments"
  paperless_bill_invoice_receipt_url: "No doc"
  property_manager_bill_url: "No bill"
  work_order_url: "Not a work order"
  Assets:Property-Management:SheerValue-PM    50.00 USD
  Income:Pet-Rent:Properties                 -50.00 USD

2025-06-12 * "Tenant" "Memo: Rent Income" #beangulp #imported
  additional_url: "No additional url"
  comments: "No comments"
  paperless_bill_invoice_receipt_url: "No doc"
  property_manager_bill_url: "No bill"
  work_order_url: "Not a work order"
  Assets:Property-Management:SheerValue-PM   700.00 USD
  Income:Rent:Properties                    -700.00 USD

2025-07-01 * "Tenant" "Memo: Pet Rent" #beangulp #imported
  additional_url: "No additional url"
  comments: "No comments"
  paperless_bill_invoice_receipt_url: "No doc"
  property_manager_bill_url: "No bill"
  work_order_url: "Not a work order"
  Assets:Property-Management:SheerValue-PM    50.00 USD
  Income:Pet-Rent:Properties                 -50.00 USD

2025-07-16 * "206 Hoover Avenue             1      Late Fee      Unit 1 - George Mahara    by George Mahara" "Memo: by George Mahara" #beangulp #imported
  additional_url: "No additional url"
  comments: "No comments"
  paperless_bill_invoice_receipt_url: "No doc"
  property_manager_bill_url: "No bill"
  work_order_url: "Not a work order"
  Assets:Property-Management:SheerValue-PM   628.50 USD
  Expenses:Other                            -628.50 USD

2025-08-01 * "Tenant" "Memo: Pet Rent" #beangulp #imported
  additional_url: "No additional url"
  comments: "No comments"
  paperless_bill_invoice_receipt_url: "No doc"
  property_manager_bill_url: "No bill"
  work_order_url: "Not a work order"
  Assets:Property-Management:SheerValue-PM    50.00 USD
  Income:Pet-Rent:Properties                 -50.00 USD

2025-01-07 * "SheerValue Property Management" "Memo: Management Fee" #beangulp #imported
  additional_url: "No additional url"
  comments: "No comments"
  paperless_bill_invoice_receipt_url: "No doc"
  property_manager_bill_url: "No bill"
  work_order_url: "Not a work order"
  Expenses:Management-Fees                   144.00 USD
  Assets:Property-Management:SheerValue-PM  -144.00 USD

2025-01-07 * "SheerValue Property Management" "Memo: Management Fee" #beangulp #imported
  additional_url: "No additional url"
  comments: "No comments"
  paperless_bill_invoice_receipt_url: "No doc"
  property_manager_bill_url: "No bill"
  work_order_url: "Not a work order"
  Expenses:Management-Fees                   103.50 USD
  Assets:Property-Management:SheerValue-PM  -103.50 USD

2025-01-22 * "206 Hoover Avenue             1          Repairs      Unit 1 - American Electric   Replaced 3 breaker bc of tripping" #beangulp #imported
  additional_url: "No additional url"
  comments: "No comments"
  paperless_bill_invoice_receipt_url: "No doc"
  property_manager_bill_url: "No bill"
  work_order_url: "Not a work order"
  Assets:Property-Management:SheerValue-PM   154.00 USD
  Expenses:Other                            -154.00 USD

2025-02-07 * "SheerValue Property Management" "Memo: Management Fee" #beangulp #imported
  additional_url: "No additional url"
  comments: "No comments"
  paperless_bill_invoice_receipt_url: "No doc"
  property_manager_bill_url: "No bill"
  work_order_url: "Not a work order"
  Expenses:Management-Fees                   144.00 USD
  Assets:Property-Management:SheerValue-PM  -144.00 USD

2025-02-07 * "SheerValue Property Management" "Memo: Management Fee" #beangulp #imported
  additional_url: "No additional url"
  comments: "No comments"
  paperless_bill_invoice_receipt_url: "No doc"
  property_manager_bill_url: "No bill"
  work_order_url: "Not a work order"
  Expenses:Management-Fees                   103.50 USD
  Assets:Property-Management:SheerValue-PM  -103.50 USD

2025-02-07 * "206 Hoover Avenue             Property   Owner Draw   Jason Riddle                 Owner Draw" #beangulp #imported
  additional_url: "No additional url"
  comments: "No comments"
  paperless_bill_invoice_receipt_url: "No doc"
  property_manager_bill_url: "No bill"
  work_order_url: "Not a work order"
  Assets:Property-Management:SheerValue-PM   892.50 USD
  Expenses:Other                            -892.50 USD

2025-03-05 * "SheerValue Property Management" "Memo: Management Fee" #beangulp #imported
  additional_url: "No additional url"
  comments: "No comments"
  paperless_bill_invoice_receipt_url: "No doc"
  property_manager_bill_url: "No bill"
  work_order_url: "Not a work order"
  Expenses:Management-Fees                   144.00 USD
  Assets:Property-Management:SheerValue-PM  -144.00 USD

2025-03-05 * "SheerValue Property Management" "Memo: Management Fee" #beangulp #imported
  additional_url: "No additional url"
  comments: "No comments"
  paperless_bill_invoice_receipt_url: "No doc"
  property_manager_bill_url: "No bill"
  work_order_url: "Not a work order"
  Expenses:Management-Fees                   103.50 USD
  Assets:Property-Management:SheerValue-PM  -103.50 USD

2025-04-07 * "SheerValue Property Management" "Memo: Management Fee" #beangulp #imported
  additional_url: "No additional url"
  comments: "No comments"
  paperless_bill_invoice_receipt_url: "No doc"
  property_manager_bill_url: "No bill"
  work_order_url: "Not a work order"
  Expenses:Management-Fees                   144.00 USD
  Assets:Property-Management:SheerValue-PM  -144.00 USD

2025-04-07 * "SheerValue Property Management" "Memo: Management Fee" #beangulp #imported
  additional_url: "No additional url"
  comments: "No comments"
  paperless_bill_invoice_receipt_url: "No doc"
  property_manager_bill_url: "No bill"
  work_order_url: "Not a work order"
  Expenses:Management-Fees                   103.50 USD
  Assets:Property-Management:SheerValue-PM  -103.50 USD

2025-05-07 * "SheerValue Property Management" "Memo: Management Fee" #beangulp #imported
  additional_url: "No additional url"
  comments: "No comments"
  paperless_bill_invoice_receipt_url: "No doc"
  property_manager_bill_url: "No bill"
  work_order_url: "Not a work order"
  Expenses:Management-Fees                   144.00 USD
  Assets:Property-Management:SheerValue-PM  -144.00 USD

2025-05-07 * "SheerValue Property Management" "Memo: Management Fee" #beangulp #imported
  additional_url: "No additional url"
  comments: "No comments"
  paperless_bill_invoice_receipt_url: "No doc"
  property_manager_bill_url: "No bill"
  work_order_url: "Not a work order"
  Expenses:Management-Fees                   103.50 USD
  Assets:Property-Management:SheerValue-PM  -103.50 USD

2025-06-04 * "SheerValue Property Management" "Memo: Management Fee" #beangulp #imported
  additional_url: "No additional url"
  comments: "No comments"
  paperless_bill_invoice_receipt_url: "No doc"
  property_manager_bill_url: "No bill"
  work_order_url: "Not a work order"
  Expenses:Management-Fees                   144.00 USD
  Assets:Property-Management:SheerValue-PM  -144.00 USD

2025-06-13 * "206 Hoover Avenue             Property   Owner Draw   Jason Riddle           Owner Draw" #beangulp #imported
  additional_url: "No additional url"
  comments: "No comments"
  paperless_bill_invoice_receipt_url: "No doc"
  property_manager_bill_url: "No bill"
  work_order_url: "Not a work order"
  Assets:Property-Management:SheerValue-PM   103.50 USD
  Expenses:Other                            -103.50 USD

2025-06-23 * "206 Hoover Avenue              Property   Repairs      Richard Wagner         checked out AC window unit. Got" #beangulp #imported
  additional_url: "No additional url"
  comments: "No comments"
  paperless_bill_invoice_receipt_url: "No doc"
  property_manager_bill_url: "No bill"
  work_order_url: "Not a work order"
  Assets:Property-Management:SheerValue-PM   280.00 USD
  Expenses:Other                            -280.00 USD

2025-07-07 * "SheerValue Property Management" "Memo: Management Fee" #beangulp #imported
  additional_url: "No additional url"
  comments: "No comments"
  paperless_bill_invoice_receipt_url: "No doc"
  property_manager_bill_url: "No bill"
  work_order_url: "Not a work order"
  Expenses:Management-Fees                   144.00 USD
  Assets:Property-Management:SheerValue-PM  -144.00 USD

2025-07-07 * "SheerValue Property Management" "Memo: Management Fee" #beangulp #imported
  additional_url: "No additional url"
  comments: "No comments"
  paperless_bill_invoice_receipt_url: "No doc"
  property_manager_bill_url: "No bill"
  work_order_url: "Not a work order"
  Expenses:Management-Fees                   103.50 USD
  Assets:Property-Management:SheerValue-PM  -103.50 USD

2025-08-06 * "SheerValue Property Management" "Memo: Management Fee" #beangulp #imported
  additional_url: "No additional url"
  comments: "No comments"
  paperless_bill_invoice_receipt_url: "No doc"
  property_manager_bill_url: "No bill"
  work_order_url: "Not a work order"
  Expenses:Management-Fees                   144.00 USD
  Assets:Property-Management:SheerValue-PM  -144.00 USD
